@PHDTHESIS{thSau00,
    Author         = {Sauwens, C.},
    School         = {Université libre de Bruxelles},
    Title          = {\'Etude de la dynamique d'auto-assemblage chez plusieurs espèces de fourmis},
    Type           = {Thèse de doctorat},
    Year           = {2000},
    Language       = {\Fr}
}

@BOOK{HolWil90,
    Address        = {Berlin},
    Author         = {H{\"o}lldobler, B. and E.-O. Wilson},
    Publisher      = {Springer Verlag},
    Title          = {The Ants},
    Year           = {1990},
    Language       = {\Eng}
}

@ARTICLE{lioni01,
    Author         = {Lioni, A. and C. Sauwens and G. Theraulaz and J.-L. Deneubourg},
    Journal        = {Journal of Insect Behavior},
    Pages          = {679-696},
    Title          = {The dynamics of chain formation in Oecophylla longinoda},
    Volume         = {14},
    Year           = {2001},
    Language       = {\Eng}
}

@INCOLLECTION{malerba:appi:ceci:mono:2002,
    Author         = {Malerba, Donato and Annalisa Appice and
                      Michelangelo Ceci and Marianna Monopoli},
    Booktitle      = {Foundations of Intelligent Systems, {ISMIS} 2002},
    Editor         = {Mohand-Said Hacid and Zbigniew W. Ras and
                      Djamel A. Zighed and Yves Kodratoff},
    Pages          = {393-402},
    Publisher      = {Springer},
    Series         = {LNAI},
    Title          = {Trading-Off Local versus Global Effects of Regression Nodes in Model Trees},
    Volume         = {2366},
    Year           = {2002},
    ISBN           = {3-540-43785-1},
    Language       = {\Eng}
}

@TECHREPORT{Daly:2003,
    Author         = {Daly, Patrick W.},
    Institution    = {CTAN (http://www.ctan.org/)},
    Note           = {Describes the package natbib},
    Title          = {Natural Sciences Citations and References (Author--Year and Numerical Schemes)},
    Type           = {{\LaTeX} Package description},
    Year           = {2003},
    Language       = {\Eng}
}

@BOOK{kopka:daly:1995,
    Address        = {Harlow UK},
    Author         = {Kopka, Helmut and Patrick W. Daly},
    Publisher      = {Addison-Wesley},
    Title          = {A Guide to {\LaTeXe}, Document Preparation for Beginners and Advanced Users},
    Year           = {1995},
    Language       = {\Eng}
}

@BOOK{brei:frie:olsh:ston:1984,
    Address        = {New York},
    Author         = {Breiman, L. and J. H. Friedman and
                      R. A. Olshen and C. J. Stone},
    Publisher      = {Chapman and Hall},
    Title          = {Classification And Regression Trees},
    Year           = {1984},
    Language       = {\Eng}
}

@BOOK{quin:1993,
    Address        = {San Mateo},
    Author         = {Quinlan, J. R.},
    Publisher      = {Morgan Kaufmann},
    Title          = {C4.5: Programs for Machine Learning},
    Year           = {1993},
    Language       = {\Eng}
}

@ARTICLE{quin:1986ID3,
    Author         = {Quinlan, J. R.},
    Journal        = {Machine Learning},
    Pages          = {81-106},
    Title          = {Induction of Decision Trees},
    Volume         = {1},
    Year           = {1986},
    Language       = {\Eng}
}

@TECHREPORT{ritschard:2005rnti,
    Author         = {Ritschard, Gilbert},
    Institution    = {RNTI (\http{http://www.antsearch.univ-tours.fr/rnti/})},
    Note           = {},
    Title          = {Guide d'utilisation de la classe rnti version 2 pour articles de
la {R}evue des {N}ouvelles {T}echnologies de l'{I}nformation ({C}épaduès)},
    Type           = {Manuel d'utilisateur},
    Year           = {2005},
    Language       = {\Fr}
}
