@INCOLLECTION{demter:2012,
  author = {Demter, Jan and Auer, S{\"o}ren and Martin, Michael and Lehmann, Jens},
  booktitle = {Proceedings of the EKAW 2012},
  publisher = {Springer},
  title = {LODStats -- An Extensible Framework for High-performance Dataset Analytics},
  year = {2012},
  Language   = {\Eng}
}

@ARTICLE{gatearch,
author= {Cunningham, Hamish},
title=  {GATE, a General Architecture for Text Engineering},
journal= {Computers and the Humanities},
volume= {36},
number= {2},
pages= {223-254},
Language  = {\Eng}
}

@TECHREPORT{skosw3c,
  author = {Alistair Miles and Sean Bechhofer},
  title = {{SKOS Simple Knowledge Organization System 
Reference}},
  Institution = {W3C},
  year = {2009},
  type = {W3C recommendation},
  Language       = {\Eng}
}

@book{cardoso2007,
  title={The semantic web: real-world applications from industry},
  author={Cardoso, Jorge and Hepp, Martin and Lytras, Miltiadis D},
  volume={6},
  year={2007},
  publisher={Springer Science \& Business Media},
   Language       = {\Eng}
}

@article {Bizer2009,
author = {Christian Bizer and Tom Heath and Tim Berners-Lee},
title = {Linked Data - The Story So Far},
journal = {International Journal on Semantic Web and Information Systems},
volume = {5},
issue = {3},
pages = {1-22},
year = {2009},
Language   = {\Eng}
}
@article{berners2001,
  title={The semantic web},
  author={Berners-Lee, Tim and Hendler, James and Lassila, Ora and others},
  journal={Scientific american},
  volume={284},
  number={5},
  pages={28-37},
  year={2001},
  publisher={New York, NY, USA:},
  Language   = {\Eng}
}

@INCOLLECTION{ngonga11,
  author = {{Ngonga Ngomo}, Axel-Cyrille and Auer, S{\"o}ren},
  booktitle = {Proceedings of IJCAI},
  timestamp = {2016-04-24T08:49:29.000+0200},
  title = {LIMES - A Time-Efficient Approach for Large-Scale Link Discovery on the Web of Data},
  year = {2011},
  Language   = {\Eng}
}

@article{Uren200614,
title = {Semantic annotation for knowledge management: Requirements and a survey of the state of the art },
journal = {Web Semantics: Science, Services and Agents on the World Wide Web },
volume = {4},
number = {1},
pages = {14-28},
year = {2006},
author = {Victoria, Uren et al.},
Language   = {\Eng}
}

@article{andrews2012,
  title={A classification of semantic annotation systems},
  author={Andrews, Pierre and Zaihrayeu, Ilya and Pane, Juan},
  journal={Semantic web},
  volume={3},
  number={3},
  pages={223-248},
  year={2012},
  publisher={IOS Press},
  Language   = {\Eng}
}